@article{slow_fast,
	author    = {Christoph Feichtenhofer and
	Haoqi Fan and
	Jitendra Malik and
	Kaiming He},
	title     = {SlowFast Networks for Video Recognition},
	journal   = {CoRR},
	volume    = {abs/1812.03982},
	year      = {2018},
	url       = {http://arxiv.org/abs/1812.03982},
	archivePrefix = {arXiv},
	eprint    = {1812.03982},
	timestamp = {Mon, 29 Apr 2019 07:40:56 +0200},
	biburl    = {https://dblp.org/rec/journals/corr/abs-1812-03982.bib},
	bibsource = {dblp computer science bibliography, https://dblp.org}
} 

@article{osvos,
	author    = {Sergi Caelles and
	Kevis{-}Kokitsi Maninis and
	Jordi Pont{-}Tuset and
	Laura Leal{-}Taix{\'{e}} and
	Daniel Cremers and
	Luc Van Gool},
	title     = {One-Shot Video Object Segmentation},
	journal   = {CoRR},
	volume    = {abs/1611.05198},
	year      = {2016},
	url       = {http://arxiv.org/abs/1611.05198},
	archivePrefix = {arXiv},
	eprint    = {1611.05198},
	timestamp = {Mon, 13 Aug 2018 16:48:42 +0200},
	biburl    = {https://dblp.org/rec/journals/corr/CaellesMPLCG16.bib},
	bibsource = {dblp computer science bibliography, https://dblp.org}
}

@article{mask_rcnn,
	author    = {Kaiming He and
	Georgia Gkioxari and
	Piotr Doll{\'{a}}r and
	Ross B. Girshick},
	title     = {Mask {R-CNN}},
	journal   = {CoRR},
	volume    = {abs/1703.06870},
	year      = {2017},
	url       = {http://arxiv.org/abs/1703.06870},
	archivePrefix = {arXiv},
	eprint    = {1703.06870},
	timestamp = {Mon, 13 Aug 2018 16:46:36 +0200},
	biburl    = {https://dblp.org/rec/journals/corr/HeGDG17.bib},
	bibsource = {dblp computer science bibliography, https://dblp.org}
}

@article{davis_2017,
	author = {Jordi Pont-Tuset and Federico Perazzi and Sergi Caelles and Pablo Arbel\'aez and Alexander Sorkine-Hornung and Luc {Van Gool}},
	title = {The 2017 DAVIS Challenge on Video Object Segmentation},
	journal = {arXiv:1704.00675},
	year = {2017}
}

@inproceedings{davis_2016,
	author = {F. Perazzi and J. Pont-Tuset and B. McWilliams and L. {Van Gool} and M. Gross and A. Sorkine-Hornung},
	title = {A Benchmark Dataset and Evaluation Methodology for Video Object Segmentation},
	booktitle = {Computer Vision and Pattern Recognition},
	year = {2016}
}